<?xml version="1.0" encoding="utf-8"?>
<record xmlns="http://www.loc.gov/MARC21/slim" xmlns:xsi="http://www.w3.org/2001/XMLSchema-instance" xsi:schemaLocation="http://www.loc.gov/MARC21/slim http://www.loc.gov/standards/marcxml/schema/MARC21slim.xsd">
	<leader>     nam a22     Mi 4500</leader>
	<controlfield tag="001">b13024899</controlfield>
	<controlfield tag="003">UaCaAUL</controlfield>
	<controlfield tag="006">m        d        </controlfield>
	<controlfield tag="007">cr cn |||m|||a</controlfield>
	<controlfield tag="008">190308s1930    ua      o     000 0 araod</controlfield>
	<datafield ind1=" " ind2=" " tag="040">
		<subfield code="a">ZYU</subfield>
		<subfield code="b">ara</subfield>
		<subfield code="e">rda</subfield>
		<subfield code="c">ZYU</subfield>
	</datafield>
	<datafield ind1=" " ind2="4" tag="050">
		<subfield code="a">BC66.A7</subfield>
		<subfield code="b">K3 1930</subfield>
	</datafield>
	<datafield ind1="0" ind2=" " tag="100">
		<subfield code="6">880-01</subfield>
		<subfield code="a">Gelenbevî İsmail Efendi,</subfield>
		<subfield code="d">1730-1790,</subfield>
		<subfield code="e">author.</subfield>
	</datafield>
	<datafield ind1="1" ind2="0" tag="245">
		<subfield code="6">880-02</subfield>
		<subfield code="a">Kitāb al-burhān /</subfield>
		<subfield code="c">li-afḍal al-mutaʼakhirīn, ʻallāmat al-ʻaṣr, wa-farīd al-dahr al-Shaykh Ismāʻīl ibn Muṣṭafá al-maʻrūf bi-Shaykh Zādah al-Kalanbawī al-mutawaffá sanat 1205, Wa-yalīhi ḥawāshīhi ʻalayhi (yaʻnī munhawātih), wa-yalīhi ayḍan ḥāshiyat al-ʻallāmah al-muḥaqqiq Mullā ʻAbd al-Raḥmān al-Panjayūnī, wa-ḥāshiyat al-faḍil al-mudaqqiq al-mashhūr bi-Ibn al-Qarah Dāghī, kilāhumā min mashāhīr muḥaqqiqī ʻulamāʼ al-Akrād ; qad waqafa ʻalá taṣḥīḥ hadhihi al-majmūʻah ḥaḍrat al-ʻallāmah al-muḥaqqiq al-Shaykh Maḥmūd al-Imām al-Manṣūrī min kibār al-ʻulamāʼ al-mudarrisīn bi-al-Azhar al-Sharīf.</subfield>
	</datafield>
	<datafield ind1="3" ind2="0" tag="246">
		<subfield code="6">880-03</subfield>
		<subfield code="a">Burhān</subfield>
	</datafield>
	<datafield ind1=" " ind2="1" tag="264">
		<subfield code="6">880-04</subfield>
		<subfield code="a">[al-Qāhirah] :</subfield>
		<subfield code="b">Faraj Allāh Zakī al-Kurdī,</subfield>
		<subfield code="c">[1349 H., 1930 M].</subfield>
	</datafield>
	<datafield ind1=" " ind2="3" tag="264">
		<subfield code="6">880-05</subfield>
		<subfield code="a">[al-Qāhirah], Miṣr :</subfield>
		<subfield code="b">Maṭbaʻat al-Saʻādah bi-jiwār muḥāfaẓat Miṣr.</subfield>
	</datafield>
	<datafield ind1=" " ind2=" " tag="300">
		<subfield code="a">online resource (416 pages)</subfield>
	</datafield>
	<datafield ind1=" " ind2=" " tag="336">
		<subfield code="a">text</subfield>
		<subfield code="2">rdacontent</subfield>
	</datafield>
	<datafield ind1=" " ind2=" " tag="337">
		<subfield code="a">computer</subfield>
		<subfield code="2">rdamedia</subfield>
	</datafield>
	<datafield ind1=" " ind2=" " tag="338">
		<subfield code="a">online resource</subfield>
		<subfield code="2">rdacarrier</subfield>
	</datafield>
	<datafield ind1=" " ind2=" " tag="500">
		<subfield code="6">880-06</subfield>
		<subfield code="a">Tanbīh: Waḍaʻnā al-burhān fī ṣadr al-ṣulb, wa-baʻdahu ḥawāshī al-muṣannaf, wa-baʻdahā ḥāshiyat al-Banjiyūnī, wa-baʻdahā ayḍan ḥāshiyat Ibn al-Qarah Dāghī, wa-faṣalanā al-kull bi-jadāwil maʻa murāʻāt muwāfaqat al-mabāḥith fī al-jamīʻ fa-li-yaʻlam.</subfield>
	</datafield>
	<datafield ind1=" " ind2=" " tag="500">
		<subfield code="6">880-07</subfield>
		<subfield code="a">Ḥuqūq al-ṭabʻ maḥfūẓah li-nāshirihi wa-mubāshir ṭabʻihi wa-taṣḥīḥihi (Faraj Allāh Zakī al-Kurdī).</subfield>
	</datafield>
	<datafield ind1=" " ind2=" " tag="500">
		<subfield code="6">880-08</subfield>
		<subfield code="a">Yuṭlabu hādhā al-kitāb maʻa shurūḥ al-talkhīṣ, wa-sharḥ al-musāyarah li-Ibn al-Humām wa-ḥawāshī al-ʻaqāʼid al-nasfīyah wa-farāʼid al-laʼālī min rasāʼl al-Ghazālī wa-sharḥ al-maḍmūn bihi ʻalá ghayr ahlihi wa-āfāt al-ijtimāʻ wa-ghayrihā min multazim ṭabʻihā Faraj Allāh Zakī al-Kurdī bi-būstit al-Azhar bi-Miṣr, wa-yuṭlabu ayḍan maʻa al-kutub al-madhkūrah fī al-ʻIrāq al-ʻArabī min al-fāḍil (Mullā ʻAbd al-Raḥīm al-Maryawānī) bi-Jāmiʻ Hamzat Aghā bi-Sulaymān.</subfield>
	</datafield>
	<datafield ind1=" " ind2=" " tag="500">
		<subfield code="6">880-09</subfield>
		<subfield code="a">Ḥuqūq iʻādat ṭabʻ hādhā al-kitāb maḥfūẓah li-nāshirihi (Faraj Allāh Zakī) bi-mūjab khaṭṭ al-mūʼllif al-madhkūrah adnāh &quot;laqad aʻṭayt ḥuqūq iʻādat ṭabʻ ḥāshiyatā hādhihi ʻalá al-burhān li-nāshirihi al-Shaykh Faraj Allāh Zakī al-Kurdī&quot; Ibn al-qarah Dāghī,.27 Dhū al-Ḥijjah sanat 1347.</subfield>
	</datafield>
	<datafield ind1=" " ind2=" " tag="500">
		<subfield code="a">Date from conclusion.</subfield>
	</datafield>
	<datafield ind1=" " ind2=" " tag="500">
		<subfield code="a">Title page has publisher's stamp.</subfield>
	</datafield>
	<datafield ind1=" " ind2=" " tag="500">
		<subfield code="a">Part of the Arabic Collections Online (ACO) project, contributed by American University in Cairo Library.</subfield>
	</datafield>
	<datafield ind1=" " ind2=" " tag="533">
		<subfield code="a">Electronic reproduction.</subfield>
		<subfield code="b">New York, N.Y. :</subfield>
		<subfield code="c">New York University,</subfield>
		<subfield code="d">2019.</subfield>
		<subfield code="5">NNU</subfield>
	</datafield>
	<datafield ind1=" " ind2="0" tag="650">
		<subfield code="a">Logic</subfield>
		<subfield code="v">Early works to 1800.</subfield>
	</datafield>
	<datafield ind1=" " ind2="7" tag="650">
		<subfield code="a">Logic.</subfield>
		<subfield code="2">fast</subfield>
		<subfield code="0">(OCoLC)fst01002014</subfield>
	</datafield>
	<datafield ind1=" " ind2="7" tag="655">
		<subfield code="a">Early works.</subfield>
		<subfield code="2">fast</subfield>
		<subfield code="0">(OCoLC)fst01411636</subfield>
	</datafield>
	<datafield ind1="1" ind2=" " tag="700">
		<subfield code="6">880-10</subfield>
		<subfield code="a">Panjayūnī, Mullā ʻAbd al-Raḥmān.</subfield>
	</datafield>
	<datafield ind1="0" ind2=" " tag="700">
		<subfield code="6">880-11</subfield>
		<subfield code="a">Ibn al-Qarah Dāghī.</subfield>
	</datafield>
	<datafield ind1="1" ind2=" " tag="700">
		<subfield code="6">880-12</subfield>
		<subfield code="a">Manṣūrī, Maḥmūd al-Imām.</subfield>
	</datafield>
	<datafield ind1="2" ind2=" " tag="710">
		<subfield code="a">American University in Cairo.</subfield>
		<subfield code="b">Library.</subfield>
	</datafield>
	<datafield ind1="0" ind2=" " tag="730">
		<subfield code="a">Arabic Collections Online.</subfield>
	</datafield>
	<datafield ind1="0" ind2="8" tag="776">
		<subfield code="i">Print version:</subfield>
		<subfield code="a">Gelenbevî İsmail Efendi, 1730-1790, author.</subfield>
		<subfield code="t">Kitāb al-burhān</subfield>
		<subfield code="w">(UaCaAUL)b13024899</subfield>
		<subfield code="w">(OCoLC)60509944</subfield>
	</datafield>
	<datafield ind1="4" ind2="0" tag="856">
		<subfield code="u">http://hdl.handle.net/2333.1/98sf7v2w</subfield>
	</datafield>
	<datafield ind1="1" ind2=" " tag="880">
		<subfield code="6">100-01</subfield>
		<subfield code="a">كلنبوي، إسماعيل بن مصطفى،</subfield>
		<subfield code="d">1790 أو 1791،</subfield>
		<subfield code="e">author.</subfield>
	</datafield>
	<datafield ind1="1" ind2="0" tag="880">
		<subfield code="6">245-02</subfield>
		<subfield code="a">كتاب البرهان /</subfield>
		<subfield code="c">لافضل المتأخرين، علامة العصر، وفريد الدهر الشيخ اسماعيل بن مصطفى المعروف بشيخ زادة الكلنبوي المتوفى سنة 1205، ويليه حواشيه عليه (يعني منهواته)، ويليه ايضن حاشية العلامة المحقق ملا عبد الرحمن الپنجيوني، وحاشية الفضل المدقق المشهور بابن القرة داغي، كلاهما من مشاهير محققي علماء الاكراد ؛ قد وقف على تصحيح هذه المجموعة حضرة العلامة المحقق الشيخ محمود الامام المنصوري من كبار العلماء المدرسين بالأزهر الشريف.</subfield>
	</datafield>
	<datafield ind1="3" ind2="0" tag="880">
		<subfield code="6">246-03</subfield>
		<subfield code="a">برهان</subfield>
	</datafield>
	<datafield ind1=" " ind2="1" tag="880">
		<subfield code="6">264-04</subfield>
		<subfield code="a">[القاهرة] :</subfield>
		<subfield code="b">فرج الله زكي الكردي،</subfield>
		<subfield code="c">[1349 ه.، 1930 م].</subfield>
	</datafield>
	<datafield ind1=" " ind2="3" tag="880">
		<subfield code="6">264-05</subfield>
		<subfield code="a">[القاهرة]، مصر :</subfield>
		<subfield code="b">مطبعة السعادة بجوار محافظة مصر.</subfield>
	</datafield>
	<datafield ind1=" " ind2=" " tag="880">
		<subfield code="6">500-06</subfield>
		<subfield code="a">تنبيه: وضعنا البرهان في صدر الصلب، وبعده حواشي المصنف، وبعدها حاشية البنجيوني، وبعدها ايضا حاشية ابن القرة داغي، وفصلنا الكل بجداول مع مراعات موافقة المباحث في الجميع فليعلم.</subfield>
	</datafield>
	<datafield ind1=" " ind2=" " tag="880">
		<subfield code="6">500-07</subfield>
		<subfield code="a">حقوق الطبع محفوظة لناشره ومباشر طبعه وتصحيحه (فرج الله زكي الكردي).</subfield>
	</datafield>
	<datafield ind1=" " ind2=" " tag="880">
		<subfield code="6">500-08</subfield>
		<subfield code="a">يطلب هذا الكتاب مع شروح التلخيص، وشرح المسايرة لابن الهمام وحواشي العقائد النسفية وفرائد اللآلي من رسائل الغزالي وشرح المضمون به على غير اهل وآفات الاجتماع وغيرها من ملتزم طبعها فرج الله زكي الكردي ببوستة الازهر بمصر، ويطلب ايضا مع الكتب المذكورة في العراق العربي من الفاضل (ملا عبد الرحيم المريوانى) بجامع همزة اغا بسليمان.</subfield>
	</datafield>
	<datafield ind1=" " ind2=" " tag="880">
		<subfield code="6">500-09</subfield>
		<subfield code="a">حقوق اعادة طبع هذا الكتاب محفوظة لناشره (فرج الله زكي) بموجب خط المؤلف المذكورة ادناه &quot;لقد اعطيت حقوق اعادة طبع حاشيتا هذه على البرهان لناشره الشيخ فرج الله زكي الكردي&quot; ابن القرة داغي،.27 ذو الحجة سنة 1347.</subfield>
	</datafield>
	<datafield ind1="1" ind2=" " tag="880">
		<subfield code="6">700-10</subfield>
		<subfield code="a">پنجيوني، ملا عبد الرحمن.</subfield>
	</datafield>
	<datafield ind1="0" ind2=" " tag="880">
		<subfield code="6">700-11</subfield>
		<subfield code="a">ابن القره داغي.</subfield>
	</datafield>
	<datafield ind1="1" ind2=" " tag="880">
		<subfield code="6">700-12</subfield>
		<subfield code="a">منصوري، محمود الامام.</subfield>
	</datafield>
	<datafield ind1=" " ind2=" " tag="959">
		<subfield code="a">NNU</subfield>
		<subfield code="b">WEB</subfield>
		<subfield code="c">GENI</subfield>
		<subfield code="t">0</subfield>
		<subfield code="m">Electronic access</subfield>
		<subfield code="s">01</subfield>
	</datafield>
	<datafield ind1=" " ind2=" " tag="999">
		<subfield code="i">UaCaAUL_b13024899</subfield>
		<subfield code="o">(OCoLC)ocm60509944</subfield>
		<subfield code="s">auc_aco000501</subfield>
		<subfield code="s">auc_aco000501</subfield>
	</datafield>
</record>
